
%%%%%%%%%%%%%%%%%%%%%%%%%%%%%%%%%%%%%%%%%%%%%%%%%%%%%%%%%%%%%

@article{ullrich2014proposed,
  title="{A proposed baroclinic wave test case for deep and shallow-atmosphere dynamical cores}",
  author={Ullrich, Paul A and Melvin, Thomas and Jablonowski, Christiane and Staniforth, Andrew},
  journal={Quart. J. Royal Meteor. Soc.},
  year={2014},
  publisher={John Wiley \& Sons, Ltd},
  volume={140},
  number={682},
  pages={1590--1602}
}

@article{jablonowski2006baroclinic,
   author    = "C. Jablonowski and D. L. Williamson",
   title     = "A Baroclinic Instabilitiy Test Case for Atmospheric Model Dynamical Cores", 
   journal = "Quart. J. Roy. Meteor. Soc.",
   year      = 2006,
   volume = 132,
   number = "621C",
   pages = "2943--2975"
}

@article{lauritzen2015terminator,
AUTHOR = {Lauritzen, P. H. and Conley, A. J. and Lamarque, J.-F. and Vitt, F. and Taylor, M. A.},
TITLE = {The terminator "toy" chemistry test: a simple tool to assess errors in transport schemes},
JOURNAL = {Geoscientific Model Development},
VOLUME = {8},
YEAR = {2015},
NUMBER = {5},
PAGES = {1299--1313},
DOI = {10.5194/gmd-8-1299-2015}
}


@article{dennis2012camse,
author = {John M. Dennis and Jim Edwards and Katherine J. Evans  and Oksana Guba and Peter H. Lauritzen and A.~.A. Mirin and Amik St-Cyr and Mark A. Taylor and Patrick H. Worley}, 
title = {{CAM-SE}: A scalable spectral element dynamical core for the {C}ommunity {A}tmosphere {M}odel}, 
volume = {26}, 
number = {1}, 
pages = {74-89}, 
year = {2012}, 
doi = {10.1177/1094342011428142}, 
URL = {http://hpc.sagepub.com/content/26/1/74.abstract}, 
eprint = {http://hpc.sagepub.com/content/26/1/74.full.pdf+html}, 
journal = {Int. J. High. Perform. C.} 
}


@ARTICLE{lauritzen2016camsecslam,
  author = {P.~H. Lauritzen and M.~A. Taylor and J. Overfelt and P.~A. Ullrich amd S. Goldhaber},
    title = "{CAM-SE-CSLAM}: Semi-{L}agrangian finite-volume transport with spectral elements dynamics.",
  journal = {Mon. Wea. Rev.},
     year = 2016,
   note = {in prep},
}

@Article{lauritzen2010conservative,
  author = 	 {P.~H. Lauritzen and R.~D. Nair and P.~A. Ullrich},
  title = 	 {A conservative semi-{L}agrangian multi-tracer transport scheme ({CSLAM}) on the cubed-sphere grid},
  journal = 	 {J. Comput. Phys.},
  year = 	 {2010},
  volume = 	 {229},
  doi = {10.1016/j.jcp.2009.10.036},
  pages = 	 {1401-1424}
}
